@book{adams1980hitchhiker,
    title={The hitchhiker's guide to the galaxy},
    author={Adams, Douglas},
    isbn={9780517542095},
    lccn={80014572},
    series={Hitchhiker's Guide to the Galaxy Series},
    year={1980},
    publisher={Harmony Books},
}
@misc{rfc2549,
    author="D. Waitzman",
    title="{IP over Avian Carriers \& with Quality of Service}",
    series="Request for Comments",
    number="2549",
    howpublished="RFC 2549 (Informational)",
    publisher="IETF",
    organization="Internet Engineering Task Force",
    year=1999,
    month=apr,
    day="1",  
    url="http://www.ietf.org/rfc/rfc2549.txt"
}
@online{propellermotordata,
    author="Dong Yang Innovative Technology (DYS)",
    title="{BE1806 Brushless DC motor}",
    url="https://www.dys.hk/product/BE1806.html",
    addendum = "(accessed: 12.05.2020)"
}
@online{tiltmotor,
    author="3 Blue Bird Technology",
    title="{BMS-380MAX datasheet}",
    url="https://www.rc-netbutik.dk/upload_dir/docs/BMS-380MAX.pdf",
    addendum = "(accessed: 12.05.2020)"
}
@online{mpu-9250,
    author="InvenSense",
    title="MPU-9250 Datasheet",
    url="https://invensense.tdk.com/wp-content/uploads/2015/02/PS-MPU-9250A-01-v1.1.pdf",
    addendum = "(accessed: 13.05.2020)"
}
@online{teensy32,
    author = "PJRC",
    title = "Teensy USB Development Board",
    url  = "https://www.pjrc.com/teensy/",
    addendum = "(accessed: 13.05.2020)",
    keywords = "teensy,microcontroller,arduino"
}
@online{BMP180,
    author = "Bosch",
    title = "Digital pressure sensor",
    url  = "https://cdn-shop.adafruit.com/datasheets/BST-BMP180-DS000-09.pdf",
    addendum = "(accessed: 25.05.2020)",
    keywords = "barometer, pressuresensor, bosch"
}
@online{INA169,
    author = "Burr-Brown",
    title = "High-Side Measurement Current Shunt Monior",
    url  = "https://cdn-shop.adafruit.com/datasheets/ina169.pdf",
    addendum = "(accessed: 25.05.2020)",
    keywords = "currentsensor, currentshunt, current"
}
@online{HK10AESC,
    author = "HobbyKing",
    title = "HobbyKing 10A ESC 1A UBEC",
    url  = "https://cdn-global-hk.hobbyking.com/media/file/669154043X126170X9.pdf",
    addendum = "(accessed: 25.05.2020)",
    keywords = "esc,ubec"
}

@inbook{flight_physics,
    author = {Konstantin Volkov, Constantin Rotaru, Michael Todorov},
    title = "Flight Physics - Models, Techniques and Technologies",
    publisher = "IntechOpen",
    year = "2018",
    chapter = "2",
    keywords = "helicopter,physics,hover"
}
@online{PololuStepDown,
    author = "Pololu",
    title = "Pololu 6V, 2.5A Step-Down Voltage Regulator D24V22F6",
    url  = "https://www.pololu.com/product/2859",
    addendum = "(accessed: 25.05.2020)",
    keywords = "stepdown,pololu, voltageconverter"
}
@online{RaspberryPi,
    author = "Raspberry Pi",
    title = "Raspberry Pi 3B+",
    url  = "https://static.raspberrypi.org/files/product-briefs/200206+Raspberry+Pi+3+Model+B+plus+Product+Brief+PRINT&DIGITAL.pdf",
    addendum = "(accessed: 25.05.2020)",
    keywords = "raspberry, rpi, raspberrypi"
}

@online{lift_coefficient,
    author = "NASA",
    title = "Foil Sim Student JS",
    url = "https://www.grc.nasa.gov/WWW/K-12/airplane/foil3.html",
    addendum = "(accessed: 11.06.2020)",
    keywords = "lift, airfoil, drag"
}
@online{compasscalib,
    author = "Kris Winer",
    title = "Simple and Effective Magnetometer Calibration",
    url  = "https://github.com/kriswiner/MPU6050/wiki/Simple-and-Effective-Magnetometer-Calibration",
    addendum = "(accessed: 26.05.2020)",
    keywords = "compass,calibration"
}
@online{magnetometercorrections,
    author = "Christopher Konvalin",
    title = "Compensating for Tilt, Hard-Iron, and Soft-Iron Effects",
    url  = "https://www.fierceelectronics.com/components/compensating-for-tilt-hard-iron-and-soft-iron-effects",
    addendum = "(accessed: 29.05.2020)",
    keywords = "magnetometer,correction"
}
@online{battery,
    author = "HobbyKing",
    title = "Turnigy 5000mAh 1S 20C Lipoly (Single Cell)",
    url  = "https://hobbyking.com/en_us/turnigy-5000mah-1s-20c-lipoly-single-cell.html?queryID=0174ebc5d72a4e34de930343b0fd9367&objectID=18568&indexName=hbk_live_magento_en_us_products",
    addendum = "(accessed: 29.05.2020)",
    keywords = "battery"
}
@article{JamesDiebelQuaternions,
    author = {Diebel, James},
    year = {2006},
    month = {01},
    pages = {},
    title = {Representing Attitude: Euler Angles, Unit Quaternions, and Rotation Vectors},
    volume = {58},
    journal = {Matrix}
}

@online{kriswinermpu9250,
    author = "Kris Winer",
    title = "Arduino sketches for MPU9250 9DoF with AHRS sensor fusion",
    url  = "https://github.com/kriswiner/MPU9250",
    addendum = "(accessed: 8.06.2020)",
    keywords = "mpu9250,sensorfusion,kriswiner,madgwick,mahony"
}

@online{quaternionFilters,
    author = "Kris Winer",
    title = "Quaternion filters - implementations of Sebastian Madgwick filters",
    url  = "https://github.com/kriswiner/MPU9250/blob/master/quaternionFilters.ino",
    addendum = "(accessed: 8.06.2020)",
    keywords = "sensorfusion,kriswiner,madgwick,mahony"
}
@online{FilterFusionPrecision,
    author = "Kris Winer",
    title = "Affordable 9 DoF Sensor Fusion",
    url  = "https://github.com/kriswiner/MPU6050/wiki/Affordable-9-DoF-Sensor-Fusion",
    addendum = "(accessed: 24.06.2020)",
    keywords = "sensorfusion,kriswiner,madgwick,mahony"
}

@inproceedings{madgwickvsmahony,
    author = {Ludwig, Simone and Burnham, Kaleb and Jiménez, Antonio and Touma, Pierre},
    year = {2018},
    month = {03},
    pages = {96},
    title = {Comparison of attitude and heading reference systems using foot mounted MIMU sensor data: basic, Madgwick, and Mahony},
    doi = {10.1117/12.2296568}
}


@book{reguleringsbog,
    title = "Reguleringsteknik, 5th edition, chapter 3",
    author = "Jannerup, {Ole} and S{\o}rensen, {Paul Haase}",
    year = "2015",
    language = "Dansk",
    publisher = "Polyteknisk Boghandel og Forlag",
}

@misc{SysidToolbox,
  title = {MATLAB System Identification Toolbox},
  year = "2020",
  note = "The MathWorks, Natick, MA, USA",
  url = "https://www.mathworks.com/products/sysid.html"
}

@online{mavic2,
    author = "DJI",
    title = "Mavic 2",
    url  = "https://www.dji.com/dk/mavic-2/info#specs",
    note = "Max hovering time is 29 minutes",
    addendum = "(accessed: 24.06.2020)",
    keywords = "mavicc2"
}

@online{MG-1,
    author = "DJI",
    title = "MG-1",
    url  = "https://www.dji.com/dk/mg-1/info#specs",
    note = "Max hovering time is 24 minutes",
    addendum = "(accessed: 24.06.2020)",
    keywords = "MG1"
}
@online{AutelEvo,
    author = "Autel Drones",
    title = "Autel Evo",
    url  = "https://auteldrones.com/collections/drones/products/evo",
    note = "Max flight time is 30 minutes",
    addendum = "(accessed: 24.06.2020)",
    keywords = "AutelEvo"
}

@misc{motordata,
    author="Northwestern University",
    title="Mystery Motor Data Sheet",
    organization="Northwestern University",
    url="http://hades.mech.northwestern.edu/images/6/61/Asst7.pdf"
}

@book{camber,
    author = {Ilan Kroo},
    title = "Applied Aerodynamics—A Digital Textbook",
    publisher = "Desktop Aeronautics",
    year = "2007",
    chapter = "5",
    keywords = "airfoil,camber,geometry"
}